@string{JMO          = "Journal of modern optics"}
@string{FIO          = "Frontiers in Optics 2011/Laser Science XXVII"}
@string{PRL          = "Phys. Rev. Lett."}
@string{PRA          = "Phys. Rev. A"}
@string{NP           = "Nature Physics"}
@string{N            = "Nature"}
@string{NPh          = "Nature Photonics"}
@string{RMP          = "Rev. Mod. Phys."}
@string{RoS          = "Research in Optical Sciences"}
@string{NC           = "Nature Communications"}
@string{AQP          = "arXiv preprint quant-ph"} 
@string{JOB          = " J. Opt. B"} 
@string{LP           = "Laser Phys."}   
@string{NJP          = "New J. Phys."}   
@string{CTP          = "Commun. Theor. Phys."} 
@string{IJTP         = "Int. J. Theor. Phys."} 
@string{SR           = "Sci. Rep."}
@STRING{NRP					=	"Nat. Rev. Phys."}
@STRING{PRD					=	"Phys. Rev. D"}
@STRING{CP			= "Commun. Phys."}
@STRING{JPSJ		= "J. Phys. Soc. Jpn."}
@STRING{NPJQI		="npj Quantum Inform."}
@STRING{QST			= "Quantum Sci. Technol."}



% Start

@article{lin2022lecture,
  title={Lecture notes on quantum algorithms for scientific computation},
  author={Lin, Lin},
  journal={arXiv preprint arXiv:2201.08309},
  year={2022}
}

@article{KTHMT:22:JPSJ,
  title={Anonymous quantum sensing},
  author={Kasai, Hiroto and Takeuchi, Yuki and Hakoshima, Hideaki and Matsuzaki, Yuichiro and Tokura, Yasuhiro},
  journal=JPSJ,
  volume={91},
  number={7},
  pages={074005},
  year={2022},
  month=Jun ,
  publisher={The Physical Society of Japan}
}


@article{YTZ:20:PRA,
  title = "Experimental Demonstration of Secure Quantum Remote Sensing",
  author = {Yin, Peng and Takeuchi, Yuki and Zhang, Wen-Hao and Yin, Zhen-Qiang and Matsuzaki, Yuichiro and Peng, Xing-Xiang and Xu, Xiao-Ye and Xu, Jin-Shi and Tang, Jian-Shun and Zhou, Zong-Quan and Chen, Geng and Li, Chuan-Feng and Guo, Guang-Can},
  journal = "Phys. Rev. Applied",
  volume = "14",
  issue = "1",
  pages = "014065",
  numpages = "9",
  year = "2020",
  month = "Jul",
 publisher = "American Physical Society",
}

@article{GFN:19:PRR,
  title = "Distributed quantum metrology with a single squeezed-vacuum source",
  author = "Dario Gatto and Paolo Facchi and Frank A. Narducci and Vincenzo Tamma",
  journal = "Phys. Rev. Research",
  volume = "1",
  issue = "3",
  pages = "032024",
  numpages = "5",
  year = "2019",
  month = "Nov",
    publisher = "APS",
}


@article{N:22:IEEE,
  title={6G Internet of Things: A comprehensive survey},
  author={Nguyen, Dinh C and others},
  journal={IEEE Internet Things J.},
  volume={9},
  number={1},
  pages={359--383},
  year={2021},
}


@article{C:21:N,
  title={An integrated space-to-ground quantum communication network over 4,600 kilometres},
  author={Chen, Yu-Ao and  others},
  journal={Nature},
  volume={589},
  number={7841},
  pages={214--219},
  year={2021},
}

@article{QBBBG:21:PRA,
  title={Optimal measurement of field properties with quantum sensor networks},
  author={Qian, Timothy and Bringewatt, Jacob and Boettcher, Igor and Bienias, Przemyslaw and Gorshkov, Alexey V},
  journal={Phys Rev A},
  volume={103},
  number={3},
  pages={L030601},
  year={2021},
}

@article{martyn2021grand,
  title={Grand unification of quantum algorithms},
  author={Martyn, John M and Rossi, Zane M and Tan, Andrew K and Chuang, Isaac L},
  journal={PRX Quantum},
  volume={2},
  number={4},
  pages={040203},
  year={2021},
  publisher={APS}
}


@article{CDGY:22:IEEE,
  title={Integrated sensing and communications (ISAC) for vehicular communication networks (VCN)},
  author={Cheng, Xiang and Duan, Dongliang and Gao, Shijian and Yang, Liuqing},
  journal={IEEE Internet Things J.},
  volume={9},
  number={23},
  pages={23441--23451},
  year={2022},
}

@article{D:20:PRXQ,
  title={Harnessing the power of the second quantum revolution},
  author={Deutsch, Ivan H},
  journal={PRX Quantum},
  volume={1},
  number={2},
  pages={020101},
  year={2020},
}



@article{EFGRG:18:PRA,
  title={Optimal and secure measurement protocols for quantum sensor networks},
  author={Eldredge, Zachary and Foss-Feig, Michael and Gross, Jonathan A and Rolston, Steven L and Gorshkov, Alexey V},
  journal={Phys. Rev. A},
  volume={97},
  number={4},
  pages={042337},
  year={2018},
}

@article{P:19:CP,
  title={End-to-end capacities of a quantum communication network},
  author={Pirandola, Stefano},
  journal={Commun. Phys.},
  volume={2},
  number={1},
  pages={51},
  year={2019},
  
}

@article{C:23:QST,
  title={Propagating quantum microwaves: towards applications in communication and sensing},
  author={Casariego, Mateo and others},
  journal={Quantum Sci. Technol.},
  volume={8},
  number={2},
  pages={023001},
  year={2023},
}

@article{PSTTLS:22:S,
  title={Counterfactual Anonymous Quantum Teleportation in the Presence of Adversarial Attacks and Channel Noise},
  author={Nang Paing, Saw and Setiawan, Jason William and Tariq, Shehbaz and Talha Rahim, Muhammad and Lee, Kyesan and Shin, Hyundong},
  journal={Sensors},
  volume={22},
  number={19},
  pages={7587},
  year={2022},
 
}

@article{KKUS:22:IEEE,
  title={Quantum anonymous private information retrieval for distributed networks},
  author={Khan, Awais and Khalid, Uman and Ur Rehman, Junaid and Shin, Hyundong},
  journal={IEEE Trans Commun},
  volume={70},
  number={6},
  pages={4026--4037},
  year={2022},
}

@article{ZZ:21:QST,
  title={Distributed quantum sensing},
  author={Zhang, Zheshen and Zhuang, Quntao},
  journal={Quantum Sci. Technol.},
  volume={6},
  number={4},
  pages={043001},
  year={2021},
}

@article{BCSC:22:PRR,
  title={Variational quantum algorithm for estimating the quantum fisher information},
  author={Beckey, Jacob L and Cerezo, M and Sone, Akira and Coles, Patrick J},
  journal={Phys. rev. res.},
  volume={4},
  number={1},
  pages={013083},
  year={2022},
}



@article{RDACM:22:ArXiv,
  title={Finding angles for quantum signal processing with machine precision},
  author={Chao, Rui and Ding, Dawei and Gilyen, Andras and Huang, Cupjin and Szegedy, Mario},
  journal={arXiv preprint arXiv:2003.02831},
  year={2020}
}

@article{meyer1996quantum,
  title={From quantum cellular automata to quantum lattice gases},
  author={Meyer, David A},
  journal={Journal of Statistical Physics},
  volume={85},
  pages={551--574},
  year={1996},
  publisher={Springer}
}

@article{meyer1996absence,
  title={On the absence of homogeneous scalar unitary cellular automata},
  author={Meyer, David A},
  journal={Physics Letters A},
  volume={223},
  number={5},
  pages={337--340},
  year={1996},
  publisher={Elsevier}
}

@inproceedings{aharonov2001quantum,
  title={Quantum walks on graphs},
  author={Aharonov, Dorit and Ambainis, Andris and Kempe, Julia and Vazirani, Umesh},
  booktitle={Proceedings of the thirty-third annual ACM symposium on Theory of computing},
  pages={50--59},
  year={2001}
}

@inproceedings{szegedy2004quantum,
  title={Quantum speed-up of Markov chain based algorithms},
  author={Szegedy, Mario},
  booktitle={45th Annual IEEE symposium on foundations of computer science},
  pages={32--41},
  year={2004},
  organization={IEEE}
}

@article{portugal2016establishing,
  title={Establishing the equivalence between Szegedy’s and coined quantum walks using the staggered model},
  author={Portugal, Renato},
  journal={Quantum Information Processing},
  volume={15},
  pages={1387--1409},
  year={2016},
  publisher={Springer}
}

@article{portugal2017connecting,
  title={Connecting Coined Quantum Walks with Szegedy's Model},
  author={Portugal, Renato and Segawa, Etsuo},
  journal={Interdisciplinary Information Sciences},
  volume={23},
  number={1},
  pages={119--125},
  year={2017},
  publisher={The Editorial Committee of the Interdisciplinary Information Sciences}
}

@article{wong2017equivalence,
  title={Equivalence of Szegedy’s and coined quantum walks},
  author={Wong, Thomas G},
  journal={Quantum Information Processing},
  volume={16},
  pages={1--15},
  year={2017},
  publisher={Springer}
}

@article{santos2016szegedy,
  title={Szegedy’s quantum walk with queries},
  author={Santos, Raqueline AM},
  journal={Quantum Information Processing},
  volume={15},
  number={11},
  pages={4461--4475},
  year={2016},
  publisher={Springer}
}





% FInish





















